<record><leader>00000cas a22000007a 4500</leader><controlfield tag="001">9614749</controlfield><controlfield tag="008">830616d18991902ksuwr ne      0    0eng d</controlfield><controlfield tag="009">3789</controlfield><datafield ind1=" " ind2=" " tag="010"><subfield code="a">sn 83040245 </subfield></datafield><datafield ind1=" " ind2=" " tag="040"><subfield code="a">KSH</subfield><subfield code="b">eng</subfield><subfield code="c">KSH</subfield><subfield code="d">NPT</subfield></datafield><datafield ind1="1" ind2=" " tag="029"><subfield code="a">AU@</subfield><subfield code="b">000025792930</subfield></datafield><datafield ind1=" " ind2=" " tag="042"><subfield code="a">msc</subfield></datafield><datafield ind1=" " ind2=" " tag="043"><subfield code="a">n-us-ks</subfield></datafield><datafield ind1="0" ind2=" " tag="130"><subfield code="a">Kiowa news (Kiowa, Kan. : 1899)</subfield></datafield><datafield ind1="0" ind2="4" tag="245"><subfield code="a">The Kiowa news.</subfield></datafield><datafield ind1=" " ind2=" " tag="260"><subfield code="a">Kiowa, Kan. :</subfield><subfield code="b">Oscar Haberlein,</subfield><subfield code="c">1899-1902.</subfield></datafield><datafield ind1=" " ind2=" " tag="300"><subfield code="a">3 v. :</subfield><subfield code="b">ill. ;</subfield><subfield code="c">60 cm.</subfield></datafield><datafield ind1=" " ind2=" " tag="310"><subfield code="a">Weekly</subfield></datafield><datafield ind1="0" ind2=" " tag="362"><subfield code="a">Vol. 1, no. 1 (Apr. 28, 1899)-v. 3, no. 51 (Apr. 11, 1902).</subfield></datafield><datafield ind1=" " ind2=" " tag="500"><subfield code="a">"Republican."</subfield></datafield><datafield ind1="1" ind2=" " tag="700"><subfield code="a">Haberlein, Oscar.</subfield></datafield><datafield ind1=" " ind2=" " tag="752"><subfield code="a">United States</subfield><subfield code="b">Kansas</subfield><subfield code="c">Barber</subfield><subfield code="d">Kiowa.</subfield></datafield><datafield ind1="0" ind2="7" tag="785"><subfield code="t">Kiowa review</subfield><subfield code="w">(DLC)sn 83040242</subfield></datafield><datafield ind1="0" ind2="7" tag="785"><subfield code="t">Kiowa news and review</subfield><subfield code="w">(DLC)sn 83040246</subfield></datafield></record>